<?xml version="1.0" encoding="UTF-8"?><record xmlns="http://www.loc.gov/MARC21/slim" xmlns:cinclude="http://apache.org/cocoon/include/1.0" xmlns:zs="http://www.loc.gov/zing/srw/">
  <leader>00834cz  a2200169n  4500</leader>
  <controlfield tag="001">n  78059998 </controlfield>
  <controlfield tag="003">DLC</controlfield>
  <controlfield tag="005">20130308074408.0</controlfield>
  <controlfield tag="008">780829n| azannaabn          |a ana      </controlfield>
  <datafield tag="010" ind1=" " ind2=" ">
    <subfield code="a">n  78059998 </subfield>
  </datafield>
  <datafield tag="035" ind1=" " ind2=" ">
    <subfield code="a">(OCoLC)oca00195688</subfield>
  </datafield>
  <datafield tag="040" ind1=" " ind2=" ">
    <subfield code="a">DLC</subfield>
    <subfield code="b">eng</subfield>
    <subfield code="e">rda</subfield>
    <subfield code="c">DLC</subfield>
    <subfield code="d">OCoLC</subfield>
    <subfield code="d">DLC</subfield>
  </datafield>
  <datafield tag="110" ind1="1" ind2=" ">
    <subfield code="a">United States.</subfield>
    <subfield code="b">Veterans Administration.</subfield>
    <subfield code="b">Nursing Service</subfield>
  </datafield>
  <datafield tag="410" ind1="1" ind2=" ">
    <subfield code="a">United States.</subfield>
    <subfield code="b">Veterans Administration.</subfield>
    <subfield code="b">Department of Medicine and Surgery.</subfield>
    <subfield code="b">Nursing Service</subfield>
  </datafield>
  <datafield tag="510" ind1="1" ind2=" ">
    <subfield code="w">r</subfield>
    <subfield code="i">Hierarchical superior:</subfield>
    <subfield code="a">United States.</subfield>
    <subfield code="b">Veterans Administration.</subfield>
    <subfield code="b">Department of Medicine and Surgery</subfield>
  </datafield>
  <datafield tag="670" ind1=" " ind2=" ">
    <subfield code="a">Data from National Audiovisual Center for To care for them [MP] 1978 (a.e.)</subfield>
    <subfield code="b">(Veterans Administration, Nursing Service)</subfield>
  </datafield>
  <datafield tag="670" ind1=" " ind2=" ">
    <subfield code="a">Phone call to the Nursing Service, 8/3/78</subfield>
    <subfield code="b">(Veterans Administration, Dept. of Medicine and Surgery, Nursing Service)</subfield>
  </datafield>
</record>